@article{katcher:1993,
  title={Engineering and analysis of fixed priority schedulers},
  author={Katcher, Daniel I. and Arakawa, Hiroshi and Strosnider, Jay K.},
  journal={IEEE Transactions on Software Engineering},
  volume={19},
  number={9},
  pages={920--934},
  year={1993},
  publisher={IEEE}
}

@book{burns:1993,
  title={Preemptive priority based scheduling: An appropriate engineering approach},
  author={Burns, Alan},
  year={1993},
  publisher={University of York, Department of Computer Science}
}

@article{tan:2007,
  title={Timing analysis for preemptive multitasking real-time systems with caches},
  author={Tan, Yudong and Mooney, Vincent},
  journal={ACM Transactions on Embedded Computing Systems (TECS)},
  volume={6},
  number={1},
  pages={7},
  year={2007},
  publisher={ACM}
}

@inproceedings{altmeyer:2011,
  title={Cache related pre-emption delay aware response time analysis for fixed priority pre-emptive systems},
  author={Altmeyer, Sebastian and Davis, Robert I and Maiza, Claire},
  booktitle={Real-Time Systems Symposium (RTSS), 2011 IEEE 32nd},
  pages={261--271},
  year={2011},
  organization={IEEE}
}

@inproceedings{staschulat:2005,
  title={Scheduling analysis of real-time systems with precise modeling of cache related preemption delay},
  author={Staschulat, Jan and Schliecker, Simon and Ernst, Rolf},
  booktitle={Real-Time Systems, 2005.(ECRTS 2005). Proceedings. 17th Euromicro Conference on},
  pages={41--48},
  year={2005},
  organization={IEEE}
}

@article{altmeyer:2012,
  title={Improved cache related pre-emption delay aware response time analysis for fixed priority pre-emptive systems},
  author={Altmeyer, Sebastian and Davis, Robert I and Maiza, Claire},
  journal={Real-Time Systems},
  volume={48},
  number={5},
  pages={499--526},
  year={2012},
  publisher={Springer}
}

@article{lunniss:2014a,
  title={A Comparison between Fixed Priority and EDF Scheduling accounting for Cache Related Pre-emption Delays.},
  author={Lunniss, Will and Altmeyer, Sebastian and Davis, Robert I and others},
  journal={LITES},
  volume={1},
  number={1},
  pages={01--1},
  year={2014}
}

@inproceedings{lunniss:2013,
  title={Integrating cache related pre-emption delay analysis into EDF scheduling},
  author={Lunniss, Will and Altmeyer, Sebastian and Maiza, Claire and Davis, Robert I},
  booktitle={2013 IEEE 19th Real-Time and Embedded Technology and Applications Symposium (RTAS)},
  pages={75--84},
  year={2013},
  organization={IEEE}
}

@article{lunniss:2016,
  title={Cache related pre-emption delays in hierarchical scheduling},
  author={Lunniss, Will and Altmeyer, Sebastian and Lipari, Giuseppe and Davis, Robert I},
  journal={Real-Time Systems},
  volume={52},
  number={2},
  pages={201--238},
  year={2016},
  publisher={Springer}
}

@inproceedings{lunniss:2014b,
  title={Accounting for cache related pre-emption delays in hierarchical scheduling},
  author={Lunniss, Will and Altmeyer, Sebastian and Lipari, Giuseppe and Davis, Robert I},
  booktitle={Proceedings of the 22nd International Conference on Real-Time Networks and Systems},
  pages={183},
  year={2014},
  organization={ACM}
}

@inproceedings{rashid2017integrated,
  title={Integrated Analysis of Cache Related Preemption Delays and Cache Persistence Reload Overheads},
  author={Rashid, Syed Aftab and Nelissen, Geoffrey and Altmeyer, Sebastian and Davis, Robert I and Tovar, Eduardo},
  booktitle={Real-Time Systems Symposium (RTSS), 2017 IEEE},
  pages={188--198},
  year={2017},
  organization={IEEE}
}