@inproceedings{melani2015response,
  title={Response-time analysis of conditional dag tasks in multiprocessor systems},
  author={Melani, Alessandra and Bertogna, Marko and Bonifaci, Vincenzo and Marchetti-Spaccamela, Alberto and Buttazzo, Giorgio C},
  booktitle={Real-Time Systems (ECRTS), 2015 27th Euromicro Conference on},
  pages={211--221},
  year={2015},
  organization={IEEE}
}

@article{saifullah2013multi,
  title={Multi-core real-time scheduling for generalized parallel task models},
  author={Saifullah, Abusayeed and Li, Jing and Agrawal, Kunal and Lu, Chenyang and Gill, Christopher},
  journal={Real-Time Systems},
  volume={49},
  number={4},
  pages={404--435},
  year={2013},
  publisher={Springer}
}

@inproceedings{li2013,
  title={Analysis of global edf for parallel tasks},
  author={Li, Jing and Agrawal, Kunal and Lu, Chenyang and Gill, Christopher},
  booktitle={Real-Time Systems (ECRTS), 2013 25th Euromicro Conference on},
  pages={3--13},
  year={2013},
  organization={IEEE}
}

@inproceedings{li2014analysis,
  title={Analysis of federated and global scheduling for parallel real-time tasks},
  author={Li, Jing and Chen, Jian Jia and Agrawal, Kunal and Lu, Chenyang and Gill, Chris and Saifullah, Abusayeed},
  booktitle={Real-Time Systems (ECRTS), 2014 26th Euromicro Conference on},
  pages={85--96},
  year={2014},
  organization={IEEE}
}

@inproceedings{lakshmanan2010scheduling,
  title={Scheduling parallel real-time tasks on multi-core processors},
  author={Lakshmanan, Karthik and Kato, Shinpei and Rajkumar, Ragunathan Raj},
  booktitle={2010 31st IEEE Real-Time Systems Symposium},
  pages={259--268},
  year={2010},
  organization={IEEE}
}

@inproceedings{bonifaci2013feasibility,
  title={Feasibility analysis in the sporadic dag task model},
  author={Bonifaci, Vincenzo and Marchetti-Spaccamela, Alberto and Stiller, Sebastian and Wiese, Andreas},
  booktitle={Real-Time Systems (ECRTS), 2013 25th Euromicro Conference on},
  pages={225--233},
  year={2013},
  organization={IEEE}
}

@inproceedings{andersson2012analyzing,
  title={Analyzing global-edf for multiprocessor scheduling of parallel tasks},
  author={Andersson, Bj{\"o}rn and de Niz, Dionisio},
  booktitle={International Conference On Principles Of Distributed Systems},
  pages={16--30},
  year={2012},
  organization={Springer}
}

@inproceedings{baruah2014improved,
  title={Improved multiprocessor global schedulability analysis of sporadic DAG task systems},
  author={Baruah, Sanjoy},
  booktitle={Real-Time Systems (ECRTS), 2014 26th Euromicro Conference on},
  pages={97--105},
  year={2014},
  organization={IEEE}
}

@inproceedings{li2014federated,
  title={Federated scheduling for stochastic parallel real-time tasks},
  author={Li, Jing and Agrawal, Kunal and Gill, Christopher and Lu, Chenyang},
  booktitle={Embedded and Real-Time Computing Systems and Applications (RTCSA), 2014 IEEE 20th International Conference on},
  pages={1--10},
  year={2014},
  organization={IEEE}
}

@inproceedings{baruah2015federated,
  title={Federated scheduling of sporadic DAG task systems},
  author={Baruah, Sanjoy},
  booktitle={Parallel and Distributed Processing Symposium (IPDPS), 2015 IEEE International},
  pages={179--186},
  year={2015},
  organization={IEEE}
}

@inproceedings{baruah2015federated,
  title={The federated scheduling of constrained-deadline sporadic DAG task systems},
  author={Baruah, Sanjoy},
  booktitle={Proceedings of the 2015 Design, Automation \& Test in Europe Conference \& Exhibition},
  pages={1323--1328},
  year={2015},
  organization={EDA Consortium}
}

@inproceedings{baruah2015global,
  title={The global EDF scheduling of systems of conditional sporadic DAG tasks},
  author={Baruah, Sanjoy and Bonifaci, Vincenzo and Marchetti-Spaccamela, Alberto},
  booktitle={Real-Time Systems (ECRTS), 2015 27th Euromicro Conference on},
  pages={222--231},
  year={2015},
  organization={IEEE}
}

@inproceedings{serrano2016response,
  title={Response-time analysis of DAG tasks under fixed priority scheduling with limited preemptions},
  author={Serrano, Maria A and Melani, Alessandra and Bertogna, Marko and Quinones, Eduardo},
  booktitle={Proceedings of the 2016 Conference on Design, Automation \& Test in Europe},
  pages={1066--1071},
  year={2016},
  organization={EDA Consortium}
}

@inproceedings{guo2017energy,
  title={Energy-efficient multi-core scheduling for real-time DAG tasks},
  author={Guo, Zhishan and Bhuiyan, Ashikahmed and Saifullah, Abusayeed and Guan, Nan and Xiong, Haoyi},
  booktitle={LIPIcs-Leibniz International Proceedings in Informatics},
  volume={76},
  year={2017},
  organization={Schloss Dagstuhl-Leibniz-Zentrum fuer Informatik}
}

@article{sun2018capacity,
  title={A Capacity Augmentation Bound for Real-Time Constrained-Deadline Parallel Tasks Under GEDF},
  author={Sun, Jinghao and Guan, Nan and Jiang, Xu and Chang, Shuangshuang and Guo, Zhishan and Deng, Qingxu and Yi, Wang},
  journal={IEEE Transactions on Computer-Aided Design of Integrated Circuits and Systems},
  volume={37},
  number={11},
  pages={2200--2211},
  year={2018},
  publisher={IEEE}
}

@article{dinh2018blocking,
  title={Blocking Analysis for Spin Locks in Real-Time Parallel Tasks},
  author={Dinh, Son and Li, Jing and Agrawal, Kunal and Gill, Chris and Lu, Chenyang},
  journal={IEEE Transactions on Parallel and Distributed Systems},
  volume={29},
  number={4},
  pages={789--802},
  year={2018},
  publisher={IEEE}
}

@inproceedings{ueter2018reservation,
  title={Reservation-based federated scheduling for parallel real-time tasks},
  author={Ueter, Niklas and von der Br{\"u}ggen, Georg and Chen, Jian-Jia and Li, Jing and Agrawal, Kunal},
  booktitle={2018 IEEE Real-Time Systems Symposium (RTSS)},
  pages={482--494},
  year={2018},
  organization={IEEE}
}